<mx:record xmlns="http://www.w3.org/TR/xhtml1/strict" xmlns:mx="http://www.loc.gov/MARC21/slim" xmlns:xsi="http://www.w3.org/2001/XMLSchema-instance"><mx:leader>00000cz   2200000n  4500</mx:leader><mx:controlfield tag="001">oca03013193 </mx:controlfield><mx:controlfield tag="005">20060305111622.0</mx:controlfield><mx:controlfield tag="008">910829n| acannaabn          |a aaa     c</mx:controlfield><mx:datafield ind1=" " ind2=" " tag="010"><mx:subfield code="a">nr 91031763</mx:subfield></mx:datafield><mx:datafield ind1=" " ind2=" " tag="040"><mx:subfield code="a">NjP</mx:subfield><mx:subfield code="b">eng</mx:subfield><mx:subfield code="c">NjP</mx:subfield><mx:subfield code="d">MoSU</mx:subfield><mx:subfield code="d">OCoLC</mx:subfield></mx:datafield><mx:datafield ind1="0" ind2=" " tag="100"><mx:subfield code="a">Remigius,</mx:subfield><mx:subfield code="c">of Auxerre,</mx:subfield><mx:subfield code="d">ca. 841-908</mx:subfield></mx:datafield><mx:datafield ind1="0" ind2=" " tag="400"><mx:subfield code="a">Remi,</mx:subfield><mx:subfield code="c">d&amp;#039;Auxerre,</mx:subfield><mx:subfield code="d">ca. 841-908</mx:subfield></mx:datafield><mx:datafield ind1="0" ind2=" " tag="400"><mx:subfield code="a">Remigius,</mx:subfield><mx:subfield code="c">Altissiodorensis,</mx:subfield><mx:subfield code="d">ca. 841-908</mx:subfield></mx:datafield><mx:datafield ind1="0" ind2=" " tag="400"><mx:subfield code="a">Remi,</mx:subfield><mx:subfield code="c">l&amp;#039;Auxerrois,</mx:subfield><mx:subfield code="d">ca. 841-908</mx:subfield></mx:datafield><mx:datafield ind1="0" ind2=" " tag="400"><mx:subfield code="a">Remigio,</mx:subfield><mx:subfield code="c">d&amp;#039;Auxerre,</mx:subfield><mx:subfield code="d">ca. 841-908</mx:subfield></mx:datafield><mx:datafield ind1="0" ind2=" " tag="400"><mx:subfield code="a">Remigius</mx:subfield><mx:subfield code="c">Autissiodorensis,</mx:subfield><mx:subfield code="d">ca. 841-908</mx:subfield></mx:datafield><mx:datafield ind1="0" ind2=" " tag="400"><mx:subfield code="a">Rémy</mx:subfield><mx:subfield code="c">d&amp;#039;Auxerre,</mx:subfield><mx:subfield code="d">ca. 841-908</mx:subfield></mx:datafield><mx:datafield ind1=" " ind2=" " tag="670"><mx:subfield code="a">Entretiens d&amp;#039;Auxerre (7th : 1989). L&amp;#039;école carolingienne d&amp;#039;Auxerre ... c1991:</mx:subfield><mx:subfield code="b">p. 373 (Remi d&amp;#039;Auxerre, dernier des grands maîtres de l&amp;#039;école de Saint-germain d&amp;#039;Auxerre)</mx:subfield></mx:datafield><mx:datafield ind1=" " ind2=" " tag="670"><mx:subfield code="a">New cath. enc. 1967</mx:subfield><mx:subfield code="b">(Remigius of Auxerre, carolingian humanist and theologian; b. c. 841; d. Paris, 908, became a Benedictine at the monastery of Saint-Germain at Auxerre)</mx:subfield></mx:datafield><mx:datafield ind1=" " ind2=" " tag="670"><mx:subfield code="a">Personennamen des Mittelalters, 2000</mx:subfield><mx:subfield code="b">(Remigius Altissiodorensis, d. 908; also as Remi d&amp;#039;Auxerre, Remi l&amp;#039;Auxerrois, Remigio d&amp;#039;Auxerre, Remigius Autissiodorensis, Rémy d&amp;#039;Auxerre)</mx:subfield></mx:datafield><mx:datafield ind1=" " ind2=" " tag="999"><mx:subfield code="a">1563</mx:subfield></mx:datafield></mx:record>